@ARTICLE{v2,  author={Daemen J., Kitsos P},  journal={eSTREAM documentation, version 2},   title={The self-synchonizing stream cipher MOSQUITO},   year={2005},  volume={},  number={}, url={http://www.ecrypt.eu.org/stream/p3ciphers/mosquito/mosquito.pdf}}

@ARTICLE{v3,  author={Daemen J., Kitsos P},  journal={eSTREAM documentation, version 3},   title={The self-synchonizing stream cipher MOSQUITO},   year={2006},  volume={},  number={}, pages={235}, url={http://www.ecrypt.eu.org/stream/p3ciphers/mosquito/mosquito_p3.pdf}}

@ARTICLE{sa1, author={Leon},  journal={Stack Overflow},   title={What are python's equivalents of \texttt{std$\colon$lower\_bound} and \texttt{std$\colon$upper\_bound} C++ algorithms?}, url={https://stackoverflow.com/a/37873955/13746066}}

@ARTICLE{sa2, author={kcrisman},  journal={Stack Overflow},   title={Sage immutable vector error}, url={https://stackoverflow.com/a/29303791/13746066}}

@book{book:Klein,
   title =     {Stream Ciphers},
   author =    {Andreas Klein (auth.)},
   publisher = {Springer-Verlag London},
   isbn =      {978-1-4471-5078-7,978-1-4471-5079-4},
   year =      {2013},
   series =    {},
   edition =   {1},
   volume =    {},
}
@book{book:eStream,
   title =     {New Stream Cipher Designs: The eSTREAM Finalists},
   author =    {Matthew Robshaw (auth.), Matthew Robshaw, Olivier Billet (eds.)},
   publisher = {Springer-Verlag Berlin Heidelberg},
   isbn =      {9783540683506,354068350X},
   year =      {2008},
   series =    {Lecture Notes in Computer Science 4986 : Security and Cryptology},
   edition =   {1},
   volume =    {},
}